@inproceedings{NTK,
	author = {Jacot, Arthur and Gabriel, Franck and Hongler, Clement},
	booktitle = {Advances in Neural Information Processing Systems},
	editor = {S. Bengio and H. Wallach and H. Larochelle and K. Grauman and N. Cesa-Bianchi and R. Garnett},
	pages = {},
	publisher = {Curran Associates, Inc.},
	title = {{Neural Tangent Kernel: Convergence and Generalization in Neural Networks}},
	url = {https://proceedings.neurips.cc/paper/2018/file/5a4be1fa34e62bb8a6ec6b91d2462f5a-Paper.pdf},
	volume = {31},
	year = {2018}
}

@misc{NTK-Rajat,
	title={{Understanding the Neural Tangent Kernel}},
	url={https://rajatvd.github.io/NTK/},
	journal={Rajat's Blog},
	author={Dwaraknath, Rajat Vadiraj},
	year={2019},
	month={Nov}
}

@misc{NTK-CMU,
	title={{Ultra-Wide Deep Nets and the Neural Tangent Kernel (NTK)}}, 
	url={https://blog.ml.cmu.edu/2019/10/03/ultra-wide-deep-nets-and-the-neural-tangent-kernel-ntk/},
	journal={CMU ML Blog},
	author={Du, Simon and Hu, Wei},
	year={2020},
	month={Jul}
}

@misc{NTK-Huszar, 
	title={{Some Intuition on the Neural Tangent Kernel}},
	 url={https://www.inference.vc/neural-tangent-kernels-some-intuition-for-kernel-gradient-descent/}, 
	 journal={inFERENCe},
	 author={Huszár, Ferenc}, 
	 year={2020}, 
	 month={Nov}
}

@misc{NTK-Jinwoo, 
	title={{(Review) Neural Tangent Kernel}}, 
	url={http://jnwoo.com/post/10/}, 
	journal={JNWOO}, 
	author={Lee, Jin Woo}
}

@article{NTK-oxford,
	title={{Notes on Neural Tangent Kernel: Convergence and Generalization in Neural Networks, by Jacot et al.}},
	author={Pérez, Guillermo Valle},
	year={2019},
	month={Aug},
	note={for the Fall2019 NTK reading group in Oxford}
}